<?xml version="1.0" encoding="UTF-8"?><record xmlns="http://www.loc.gov/MARC21/slim" xmlns:cinclude="http://apache.org/cocoon/include/1.0" xmlns:zs="http://www.loc.gov/zing/srw/">
  <leader>00400nz  a2200133n  4500</leader>
  <controlfield tag="001">n  93106736 </controlfield>
  <controlfield tag="003">DLC</controlfield>
  <controlfield tag="005">19931029131543.4</controlfield>
  <controlfield tag="008">931029n| acannaab|          |n ana |||  </controlfield>
  <datafield tag="010" ind1=" " ind2=" ">
    <subfield code="a">n  93106736 </subfield>
  </datafield>
  <datafield tag="040" ind1=" " ind2=" ">
    <subfield code="a">DLC</subfield>
    <subfield code="c">DLC</subfield>
  </datafield>
  <datafield tag="110" ind1="2" ind2="0">
    <subfield code="a">Shelter Publications</subfield>
  </datafield>
  <datafield tag="670" ind1=" " ind2=" ">
    <subfield code="a">Shelter, 1990:</subfield>
    <subfield code="b">p. 4 of cover (Shelter Publications) p. 2 (Bolinas, Calif.)</subfield>
  </datafield>
  <datafield tag="670" ind1=" " ind2=" ">
    <subfield code="a">LC database, 10-29-93</subfield>
    <subfield code="b">(hdg.: Shelter Publications)</subfield>
  </datafield>
</record>